

@online{NPSL2016,
    author    = "NASA",
    title     = "NASA Parts Selection List (NPSL)",
    url       = "https://nepp.nasa.gov/npsl/",
    keywords  = "NASA,space,componets",
    date = "2016-02-01", 
    urldate = "2025-02-04",
}

@online{NanoTorque,
    author = "GOMspace",
    title = "NanoTorque GST-600",
    titleaddon = "3-axis magnetorquer for 6U or larger nanosatellites",
    url = "https://gomspace.com/shop/subsystems/attitude-orbit-control-systems/nanotorque-gst-600.aspx",
    urldate = "2025-02-04",
}

@online{SpaceInventorMagnetorquer,
    author = "Space Inventor",
    title = "Magnetorquer",
    url = "https://space-inventor.com/equipment/magnetorquer?item=magnetorquer2",
    urldate = "2025-02-04",
}

@book{markley2014fundamentals,
  title={Fundamentals of Spacecraft Attitude Determination and Control},
  author={Markley, F.L. and Crassidis, J.L.},
  isbn={9781493908011},
  lccn={2014937452},
  series={Space Technology Library},
  url={https://books.google.se/books?id=HjDCngEACAAJ},
  year={2014},
  publisher={Springer New York}
}
